@misc{avrMake,
    title={Tychoj/avrmake: A make script to compile source code for AVR microcontrollers and program AVR microcontrollers},
    url={https://github.com/TychoJ/avrMake},
    journal={GitHub},
    author={TychoJ}
} 

@online{productiviteit,
    author = "Kees Sietsma",
    title = "Deze factoren be√Ønvloeden de productiviteit van personeel in de verpakkingsindustrie het meest",
    note  = "20 maart 2018",
    url = "https://kennisbank.coltinfo.nl/blog/factoren-productiviteit-personeel-verpakkingsindustrie-be%C3%AFnvloeden#:~:text=Niet%20alleen%20de%20werkomgeving%2C%20maar,veel%20warmte%20en%20stof%20vrijkomen."
} 

@online{Gezonde,
    author = "KNMI",
    title = "Kaartviewer Gezonde Leefomgeving",
    note  = "2021",
    url = "https://www.gezondeleefomgeving.nl/kaarten?config=34cbef50-f048-4502-bc5e-e9e2f08c4da8&activeTools=layercollection,search,info,bookmark,measure,draw&activateOnStart=info&gm-z=6&gm-x=107052&gm-y=482016&gm-b=1643816631860,true,1;1643895299544,true,0.7;1643815405887,true,0.8;1643815405891,false,0.8"
} 

@online{Lumen,
    author = "Kelly",
    title = "De beste lichtomstandigheden op de werkplek",
    note  = "18 september 2023",
    url = "https://www.bedrijfsverlichting.nl/blog/de-beste-lichtomstandigheden-op-de-werkplek"
} 

@online{Geluidsoverlast,
    author = "DECIBELMETERSTORE",
    title = "Wanneer is geluid overlast / Wanneer is geluid schadelijk voor het gehoor?",
    note  = "18 september 2023",
    url = "https://decibelmeterstore.nl/faq/wanneer-is-geluid-overlast-wanneer-is-geluid-schadelijk-voor-het-gehoor/"
} 

@online{Luchtvochtigheid,
    author = "Philips",
    title = "Luchtvochtigheid in huis",
    note  = "18 september 2023",
    url = "https://www.philips.nl/c-m-ho/luchtzuiveraar-en-luchtbevochtiger/luchtvochtigheid-in-huis#:~:text=De%20ideale%20luchtvochtigheid%20in%20huis,leiden%20tot%20(gezondheids)problemen."
} 

@online{Temperatuur,
    author = "westwing",
    title = "Wat is de ideale kamertemperatuur in huis?",
    note  = "18 september 2023",
    url = "https://www.westwing.nl/inspiration/tips-trucs/wellbeing/kamertemperatuur/"
} 

@online{Bandbreedte,
    author = "eurofiber",
    title = "Het verschil tussen bandbreedte, internetsnelheid en latency",
    note  = "29 oktober 2023",
    url = "https://www.eurofiber.com/nl-nl/lifeline/kwaliteitsnetwerk/verschil-bandbreedte-internetsnelheid-latency"
} 

@online{Data,
    author = "seersco",
    title = "What Is Data Link And How It Works",
    note  = "29 oktober 2023",
    url = "https://seersco.com/blogs/data-link/#:~:text=In%20simple%20language%2C%20a%20data,interpreted%20on%20the%20receiving%20computer."
} 

@online{IP,
    author = "kaspersky",
    title = "Wat is een IP-adres? - Definitie en uitleg",
    note  = "29 oktober 2023",
    url = "https://www.kaspersky.nl/resource-center/definitions/what-is-an-ip-address"
} 

@article{wyon2006room,
  title={Room temperature effects on office work},
  author={Wyon, David P and Wargocki, Pawel},
  journal={Creating the productive workplace},
  pages={181--192},
  year={2006},
  publisher={Taylor and Francis London}
}

@article{de2016productivity,
  title={Productivity},
  author={De Been, Iris and Van Der Voordt, Theo and Haynes, Barry},
  journal={Facilities Management and Corporate Real Estate Management as Value Drivers: How to Manage and Measure Added Value, Routledge, Abingdon},
  pages={140--55},
  year={2016}
}