@misc{avrMake,
    title={Tychoj/avrmake: A make script to compile source code for AVR microcontrollers and program AVR microcontrollers},
    url={https://github.com/TychoJ/avrMake},
    journal={GitHub},
    author={TychoJ}
} 